%YAML 1.1
%TAG !u! tag:unity3d.com,2011:
--- !u!1 &6266124029437506155
GameObject:
  m_ObjectHideFlags: 0
  m_CorrespondingSourceObject: {fileID: 0}
  m_PrefabInstance: {fileID: 0}
  m_PrefabAsset: {fileID: 0}
  serializedVersion: 6
  m_Component:
  - component: {fileID: 6266124029437506161}
  - component: {fileID: 6266124029437506166}
  - component: {fileID: 6266124029437506167}
  - component: {fileID: 6266124029437506164}
  - component: {fileID: 6266124029437506165}
  - component: {fileID: 6266124029437506154}
  m_Layer: 0
  m_Name: Trapizoid Connecter
  m_TagString: Untagged
  m_Icon: {fileID: 0}
  m_NavMeshLayer: 0
  m_StaticEditorFlags: 0
  m_IsActive: 1
--- !u!4 &6266124029437506161
Transform:
  m_ObjectHideFlags: 0
  m_CorrespondingSourceObject: {fileID: 0}
  m_PrefabInstance: {fileID: 0}
  m_PrefabAsset: {fileID: 0}
  m_GameObject: {fileID: 6266124029437506155}
  m_LocalRotation: {x: 0, y: 0, z: 0, w: 1}
  m_LocalPosition: {x: -4, y: 0, z: 60}
  m_LocalScale: {x: 1, y: 1, z: 1}
  m_Children: []
  m_Father: {fileID: 0}
  m_RootOrder: 0
  m_LocalEulerAnglesHint: {x: 0, y: 0, z: 0}
--- !u!114 &6266124029437506166
MonoBehaviour:
  m_ObjectHideFlags: 0
  m_CorrespondingSourceObject: {fileID: 0}
  m_PrefabInstance: {fileID: 0}
  m_PrefabAsset: {fileID: 0}
  m_GameObject: {fileID: 6266124029437506155}
  m_Enabled: 1
  m_EditorHideFlags: 0
  m_Script: {fileID: 11500000, guid: 8233d90336aea43098adf6dbabd606a2, type: 3}
  m_Name: 
  m_EditorClassIdentifier: 
  m_MeshFormatVersion: 1
  m_Faces:
  - m_Indexes: 010000000000000002000000000000000300000002000000
    m_SmoothingGroup: 0
    m_Uv:
      m_UseWorldSpace: 0
      m_FlipU: 0
      m_FlipV: 0
      m_SwapUV: 0
      m_Fill: 1
      m_Scale: {x: 1, y: 1}
      m_Offset: {x: 0, y: 0}
      m_Rotation: 0
      m_Anchor: 9
    m_Material: {fileID: 2100000, guid: c22777d6e868e4f2fb421913386b154e, type: 2}
    m_SubmeshIndex: 0
    m_ManualUV: 0
    elementGroup: 0
    m_TextureGroup: -1
  - m_Indexes: 060000000700000005000000060000000500000004000000
    m_SmoothingGroup: 0
    m_Uv:
      m_UseWorldSpace: 0
      m_FlipU: 0
      m_FlipV: 0
      m_SwapUV: 0
      m_Fill: 1
      m_Scale: {x: 1, y: 1}
      m_Offset: {x: 0, y: 0}
      m_Rotation: 0
      m_Anchor: 9
    m_Material: {fileID: 2100000, guid: c22777d6e868e4f2fb421913386b154e, type: 2}
    m_SubmeshIndex: 0
    m_ManualUV: 0
    elementGroup: 0
    m_TextureGroup: -1
  - m_Indexes: 08000000090000000a000000090000000b0000000a000000
    m_SmoothingGroup: 0
    m_Uv:
      m_UseWorldSpace: 0
      m_FlipU: 0
      m_FlipV: 0
      m_SwapUV: 0
      m_Fill: 1
      m_Scale: {x: 1, y: 1}
      m_Offset: {x: 0, y: 0}
      m_Rotation: 0
      m_Anchor: 9
    m_Material: {fileID: 0}
    m_SubmeshIndex: 0
    m_ManualUV: 0
    elementGroup: -1
    m_TextureGroup: -1
  - m_Indexes: 0c0000000d0000000e0000000d0000000f0000000e000000
    m_SmoothingGroup: 0
    m_Uv:
      m_UseWorldSpace: 0
      m_FlipU: 0
      m_FlipV: 0
      m_SwapUV: 0
      m_Fill: 1
      m_Scale: {x: 1, y: 1}
      m_Offset: {x: 0, y: 0}
      m_Rotation: 0
      m_Anchor: 9
    m_Material: {fileID: 0}
    m_SubmeshIndex: 0
    m_ManualUV: 0
    elementGroup: -1
    m_TextureGroup: -1
  - m_Indexes: 100000001100000012000000110000001300000012000000
    m_SmoothingGroup: 0
    m_Uv:
      m_UseWorldSpace: 0
      m_FlipU: 0
      m_FlipV: 0
      m_SwapUV: 0
      m_Fill: 1
      m_Scale: {x: 1, y: 1}
      m_Offset: {x: 0, y: 0}
      m_Rotation: 0
      m_Anchor: 9
    m_Material: {fileID: 0}
    m_SubmeshIndex: 0
    m_ManualUV: 0
    elementGroup: -1
    m_TextureGroup: -1
  - m_Indexes: 140000001500000016000000150000001700000016000000
    m_SmoothingGroup: 0
    m_Uv:
      m_UseWorldSpace: 0
      m_FlipU: 0
      m_FlipV: 0
      m_SwapUV: 0
      m_Fill: 1
      m_Scale: {x: 1, y: 1}
      m_Offset: {x: 0, y: 0}
      m_Rotation: 0
      m_Anchor: 9
    m_Material: {fileID: 0}
    m_SubmeshIndex: 0
    m_ManualUV: 0
    elementGroup: -1
    m_TextureGroup: -1
  - m_Indexes: 18000000190000001a000000190000001b0000001a000000
    m_SmoothingGroup: 0
    m_Uv:
      m_UseWorldSpace: 0
      m_FlipU: 0
      m_FlipV: 0
      m_SwapUV: 0
      m_Fill: 1
      m_Scale: {x: 1, y: 1}
      m_Offset: {x: 0, y: 0}
      m_Rotation: 0
      m_Anchor: 9
    m_Material: {fileID: 0}
    m_SubmeshIndex: 0
    m_ManualUV: 0
    elementGroup: -1
    m_TextureGroup: -1
  - m_Indexes: 1c0000001d0000001e0000001d0000001f0000001e000000
    m_SmoothingGroup: 0
    m_Uv:
      m_UseWorldSpace: 0
      m_FlipU: 0
      m_FlipV: 0
      m_SwapUV: 0
      m_Fill: 1
      m_Scale: {x: 1, y: 1}
      m_Offset: {x: 0, y: 0}
      m_Rotation: 0
      m_Anchor: 9
    m_Material: {fileID: 0}
    m_SubmeshIndex: 0
    m_ManualUV: 0
    elementGroup: -1
    m_TextureGroup: -1
  - m_Indexes: 200000002100000022000000210000002300000022000000
    m_SmoothingGroup: 0
    m_Uv:
      m_UseWorldSpace: 0
      m_FlipU: 0
      m_FlipV: 0
      m_SwapUV: 0
      m_Fill: 1
      m_Scale: {x: 1, y: 1}
      m_Offset: {x: 0, y: 0}
      m_Rotation: 0
      m_Anchor: 9
    m_Material: {fileID: 0}
    m_SubmeshIndex: 0
    m_ManualUV: 0
    elementGroup: -1
    m_TextureGroup: -1
  - m_Indexes: 240000002500000026000000250000002700000026000000
    m_SmoothingGroup: 0
    m_Uv:
      m_UseWorldSpace: 0
      m_FlipU: 0
      m_FlipV: 0
      m_SwapUV: 0
      m_Fill: 1
      m_Scale: {x: 1, y: 1}
      m_Offset: {x: 0, y: 0}
      m_Rotation: 0
      m_Anchor: 9
    m_Material: {fileID: 0}
    m_SubmeshIndex: 0
    m_ManualUV: 0
    elementGroup: -1
    m_TextureGroup: -1
  m_SharedVertices:
  - m_Vertices: 000000001b00000022000000
  - m_Vertices: 0b000000120000001900000020000000
  - m_Vertices: 050000000900000010000000
  - m_Vertices: 010000001a0000001f000000
  - m_Vertices: 0a0000000f000000180000001d000000
  - m_Vertices: 04000000080000000d000000
  - m_Vertices: 020000001e00000027000000
  - m_Vertices: 0e000000170000001c00000025000000
  - m_Vertices: 060000000c00000015000000
  - m_Vertices: 030000002300000026000000
  - m_Vertices: 13000000160000002100000024000000
  - m_Vertices: 070000001100000014000000
  m_SharedTextures: []
  m_Positions:
  - {x: 0, y: 1.0009999, z: 0}
  - {x: 8.027265, y: 1.0010004, z: -0.05076599}
  - {x: 8.507251, y: 1.0009999, z: 2.9777565}
  - {x: -0.54714966, y: 1.0009999, z: 3.0171509}
  - {x: 8.027265, y: 0.00000047683716, z: -0.05076599}
  - {x: 0, y: 0, z: 0}
  - {x: 8.507251, y: 0, z: 2.9777565}
  - {x: -0.5471494, y: 0, z: 3.0171509}
  - {x: 8.027265, y: 0.00000047683716, z: -0.05076599}
  - {x: 0, y: 0, z: 0}
  - {x: 8.027265, y: 0.0010004769, z: -0.05076599}
  - {x: -5.834798e-11, y: 0.001, z: 1.6669627e-10}
  - {x: 8.507251, y: 0, z: 2.9777565}
  - {x: 8.027265, y: 0.00000047683716, z: -0.05076599}
  - {x: 8.507251, y: 0.001, z: 2.9777565}
  - {x: 8.027265, y: 0.0010004769, z: -0.05076599}
  - {x: 0, y: 0, z: 0}
  - {x: -0.5471494, y: 0, z: 3.0171509}
  - {x: -5.834798e-11, y: 0.001, z: 1.6669627e-10}
  - {x: -0.5471494, y: 0.001, z: 3.0171509}
  - {x: -0.5471494, y: 0, z: 3.0171509}
  - {x: 8.507251, y: 0, z: 2.9777565}
  - {x: -0.5471494, y: 0.001, z: 3.0171509}
  - {x: 8.507251, y: 0.001, z: 2.9777565}
  - {x: 8.027265, y: 0.0010004769, z: -0.05076599}
  - {x: -5.834798e-11, y: 0.001, z: 1.6669627e-10}
  - {x: 8.027265, y: 1.0010004, z: -0.05076599}
  - {x: 0, y: 1.0009999, z: 0}
  - {x: 8.507251, y: 0.001, z: 2.9777565}
  - {x: 8.027265, y: 0.0010004769, z: -0.05076599}
  - {x: 8.507251, y: 1.0009999, z: 2.9777565}
  - {x: 8.027265, y: 1.0010004, z: -0.05076599}
  - {x: -5.834798e-11, y: 0.001, z: 1.6669627e-10}
  - {x: -0.5471494, y: 0.001, z: 3.0171509}
  - {x: 0, y: 1.0009999, z: 0}
  - {x: -0.54714966, y: 1.0009999, z: 3.0171509}
  - {x: -0.5471494, y: 0.001, z: 3.0171509}
  - {x: 8.507251, y: 0.001, z: 2.9777565}
  - {x: -0.54714966, y: 1.0009999, z: 3.0171509}
  - {x: 8.507251, y: 1.0009999, z: 2.9777565}
  m_Textures0:
  - {x: 0.000000058406318, y: -0.00000016686293}
  - {x: 8.027265, y: -0.05076616}
  - {x: 8.507251, y: 2.9777563}
  - {x: -0.5471496, y: 3.0171506}
  - {x: -8.027265, y: -0.05076599}
  - {x: 0, y: 0}
  - {x: -8.507251, y: 2.9777565}
  - {x: 0.5471494, y: 3.0171509}
  - {x: 8.027426, y: 0.00000047683716}
  - {x: 0, y: 0}
  - {x: 8.027426, y: 0.0010004769}
  - {x: -5.940101e-11, y: 0.001}
  - {x: 4.272729, y: 0}
  - {x: 1.206406, y: 0.00000047683716}
  - {x: 4.272729, y: 0.001}
  - {x: 1.206406, y: 0.0010004769}
  - {x: 0, y: 0}
  - {x: -3.0663614, y: 1.8476033e-16}
  - {x: -1.7443243e-10, y: 0.001}
  - {x: -3.0663614, y: 0.001}
  - {x: 0.5602713, y: 0}
  - {x: -8.494214, y: 0}
  - {x: 0.5602713, y: 0.001}
  - {x: -8.494214, y: 0.001}
  - {x: 8.027426, y: 0.0010004769}
  - {x: -5.940101e-11, y: 0.001}
  - {x: 8.027426, y: 1.0010004}
  - {x: 0, y: 1.0009999}
  - {x: 4.272729, y: 0.001}
  - {x: 1.206406, y: 0.0010004769}
  - {x: 4.272729, y: 1.0009999}
  - {x: 1.206406, y: 1.0010004}
  - {x: -1.7443243e-10, y: 0.001}
  - {x: -3.0663614, y: 0.001}
  - {x: 0, y: 1.0009999}
  - {x: -3.0663614, y: 1.0009999}
  - {x: 0.5602713, y: 0.0009999969}
  - {x: -8.494214, y: 0.0009999969}
  - {x: 0.56027156, y: 1.0009999}
  - {x: -8.494214, y: 1.0009999}
  m_Textures2: []
  m_Textures3: []
  m_Tangents:
  - {x: 1, y: 0.000000029173988, z: -1.4805601e-22, w: -1}
  - {x: 1, y: 0.000000058347975, z: -5.9222406e-22, w: -1}
  - {x: 1, y: 0.000000029173988, z: -1.4805601e-22, w: -1}
  - {x: 1, y: 0, z: 0, w: -1}
  - {x: -1, y: -0.000000058347975, z: 5.9222406e-22, w: -1}
  - {x: -1, y: -0.000000029173988, z: 1.4805601e-22, w: -1}
  - {x: -1, y: -0.000000029173988, z: 1.4805601e-22, w: -1}
  - {x: -1, y: 0, z: 0, w: -1}
  - {x: 0.99998003, y: 0, z: -0.0063240696, w: -1}
  - {x: 0.99998003, y: 0, z: -0.0063240696, w: -1}
  - {x: 0.99998003, y: 0, z: -0.0063240696, w: -1}
  - {x: 0.99998003, y: 0, z: -0.0063240696, w: -1}
  - {x: 0.15653479, y: 0, z: 0.98767245, w: -1}
  - {x: 0.15653479, y: 0, z: 0.98767245, w: -1}
  - {x: 0.15653479, y: 0, z: 0.98767245, w: -1}
  - {x: 0.15653479, y: 0, z: 0.98767245, w: -1}
  - {x: 0.17843606, y: 6.0253934e-17, z: -0.9839515, w: -1}
  - {x: 0.17843606, y: 3.0126967e-17, z: -0.9839515, w: -1}
  - {x: 0.17843606, y: 3.0126967e-17, z: -0.9839515, w: -1}
  - {x: 0.17843606, y: 0, z: -0.9839515, w: -1}
  - {x: -0.9999905, y: 0, z: 0.0043508136, w: -1}
  - {x: -0.9999905, y: 0, z: 0.0043508136, w: -1}
  - {x: -0.9999905, y: 0, z: 0.0043508136, w: -1}
  - {x: -0.9999905, y: 0, z: 0.0043508136, w: -1}
  - {x: 0.99998003, y: 0, z: -0.0063240696, w: -1}
  - {x: 0.99998003, y: -3.872532e-20, z: -0.0063240696, w: -1}
  - {x: 0.99998003, y: -3.872532e-20, z: -0.0063240696, w: -1}
  - {x: 0.99998003, y: -7.745064e-20, z: -0.0063240696, w: -1}
  - {x: 0.15653479, y: 0, z: 0.98767245, w: -1}
  - {x: 0.15653479, y: 0, z: 0.98767245, w: -1}
  - {x: 0.15653479, y: 0, z: 0.98767245, w: -1}
  - {x: 0.15653479, y: 0, z: 0.98767245, w: -1}
  - {x: 0.17843604, y: 4.1226984e-19, z: -0.9839515, w: -1}
  - {x: 0.17843607, y: -1.7476431e-15, z: -0.9839515, w: -1}
  - {x: 0.17843607, y: -1.7476431e-15, z: -0.9839515, w: -1}
  - {x: 0.17843612, y: -3.4956984e-15, z: -0.9839515, w: -1}
  - {x: -0.9999906, y: 0, z: 0.0043508136, w: -1}
  - {x: -0.9999906, y: 0, z: 0.0043508136, w: -1}
  - {x: -0.9999906, y: 0, z: 0.0043508136, w: -1}
  - {x: -0.9999906, y: 0, z: 0.0043508136, w: -1}
  m_Colors: []
  m_UnwrapParameters:
    m_HardAngle: 88
    m_PackMargin: 20
    m_AngleError: 8
    m_AreaError: 15
  m_PreserveMeshAssetOnDestroy: 0
  assetGuid: 
  m_Mesh: {fileID: 0}
  m_IsSelectable: 1
  m_SelectedFaces: 
  m_SelectedEdges: []
  m_SelectedVertices: 
--- !u!114 &6266124029437506167
MonoBehaviour:
  m_ObjectHideFlags: 0
  m_CorrespondingSourceObject: {fileID: 0}
  m_PrefabInstance: {fileID: 0}
  m_PrefabAsset: {fileID: 0}
  m_GameObject: {fileID: 6266124029437506155}
  m_Enabled: 1
  m_EditorHideFlags: 0
  m_Script: {fileID: 11500000, guid: bb977b126bc1b4f15813dcf9da9bb600, type: 3}
  m_Name: 
  m_EditorClassIdentifier: 
  m_Points:
  - {x: 0, y: 0, z: 0}
  - {x: 8.027265, y: 0.00000047683716, z: -0.05076599}
  - {x: 8.507251, y: 0, z: 2.9777565}
  - {x: -0.5471494, y: 0, z: 3.0171509}
  m_Extrude: 0.001
  m_EditMode: 0
  m_FlipNormals: 0
  isOnGrid: 1
--- !u!23 &6266124029437506164
MeshRenderer:
  m_ObjectHideFlags: 0
  m_CorrespondingSourceObject: {fileID: 0}
  m_PrefabInstance: {fileID: 0}
  m_PrefabAsset: {fileID: 0}
  m_GameObject: {fileID: 6266124029437506155}
  m_Enabled: 1
  m_CastShadows: 1
  m_ReceiveShadows: 1
  m_DynamicOccludee: 1
  m_MotionVectors: 1
  m_LightProbeUsage: 1
  m_ReflectionProbeUsage: 1
  m_RayTracingMode: 2
  m_RenderingLayerMask: 1
  m_RendererPriority: 0
  m_Materials:
  - {fileID: 2100000, guid: c22777d6e868e4f2fb421913386b154e, type: 2}
  m_StaticBatchInfo:
    firstSubMesh: 0
    subMeshCount: 0
  m_StaticBatchRoot: {fileID: 0}
  m_ProbeAnchor: {fileID: 0}
  m_LightProbeVolumeOverride: {fileID: 0}
  m_ScaleInLightmap: 1
  m_ReceiveGI: 1
  m_PreserveUVs: 0
  m_IgnoreNormalsForChartDetection: 0
  m_ImportantGI: 0
  m_StitchLightmapSeams: 1
  m_SelectedEditorRenderState: 2
  m_MinimumChartSize: 4
  m_AutoUVMaxDistance: 0.5
  m_AutoUVMaxAngle: 89
  m_LightmapParameters: {fileID: 0}
  m_SortingLayerID: 0
  m_SortingLayer: 0
  m_SortingOrder: 0
--- !u!33 &6266124029437506165
MeshFilter:
  m_ObjectHideFlags: 0
  m_CorrespondingSourceObject: {fileID: 0}
  m_PrefabInstance: {fileID: 0}
  m_PrefabAsset: {fileID: 0}
  m_GameObject: {fileID: 6266124029437506155}
  m_Mesh: {fileID: 0}
--- !u!64 &6266124029437506154
MeshCollider:
  m_ObjectHideFlags: 0
  m_CorrespondingSourceObject: {fileID: 0}
  m_PrefabInstance: {fileID: 0}
  m_PrefabAsset: {fileID: 0}
  m_GameObject: {fileID: 6266124029437506155}
  m_Material: {fileID: 0}
  m_IsTrigger: 0
  m_Enabled: 1
  serializedVersion: 4
  m_Convex: 0
  m_CookingOptions: 30
  m_Mesh: {fileID: 0}
